@article{einstein,
    author =       "S.R.Bharamagoudar, Geeta R.B., and S.G.Totad",
    title =        "Web Based Faculty Information Management System",
    journal =      "International Journal of Advanced Research in
Computer and Communication Engineering Vol. 2, Issue 6, June 2013",
    year =         "2013",
}
 
@article{einstein1,
    author =       "Shendkar Akshay, Lahor Ankit,
Kendre Anjali",
    title =        "Faculty Management System",
    journal =      "International Journal of Advance Research and Innovative Ideas in
Education Volume-2, Issue-2, 2016",
    year =         "2016",
}
 